Automatically generated by Mendeley Desktop 1.19.4
Any changes to this file will be lost if it is regenerated by Mendeley.

BibTeX export options can be customized via Options -> BibTeX in Mendeley Desktop
%%%%%%%%%%%%%%%%%%%%%%%%%%%%%%%%%%%%%%%%%%%%%%%%%%%%%%%%%%%%%%%%%%%%%%%%%%%%%%%%%%%%
@book{neider1993opengl,
  title={OpenGL programming guide},
  author={Neider, Jackie and Davis, Tom and Woo, Mason},
  volume={478},
  year={1993},
  publisher={Addison-Wesley Reading, MA}
}